<collection xmlns="http://www.loc.gov/MARC21/slim">
<record>
  <leader>01054nam0a22002291i 450 </leader>
  <controlfield tag="001">IT\ICCU\CNCE\045761</controlfield>
  <controlfield tag="005">20100322000000.0</controlfield>
  <datafield tag="100" ind1=" " ind2=" ">
    <subfield code="a">19990126d1521        0itac0103    ba</subfield>
  </datafield>
  <datafield tag="101" ind1=" " ind2=" ">
    <subfield code="a">ITA</subfield>
  </datafield>
  <datafield tag="102" ind1=" " ind2=" ">
    <subfield code="a">IT</subfield>
  </datafield>
  <datafield tag="200" ind1="1" ind2=" ">
    <subfield code="a">Dilucide et probatissime demonstratione di Giovanni Spataro contra certe frivole et vane excusatione de Franchino Gafurio ...</subfield>
  </datafield>
  <datafield tag="210" ind1=" " ind2=" ">
    <subfield code="e">Impressum Bononiae</subfield>
    <subfield code="g">per Hieronimum de Benedictis</subfield>
    <subfield code="h">1521 pridie mensis Maii</subfield>
  </datafield>
  <datafield tag="300" ind1=" " ind2=" ">
    <subfield code="a">RISM : Ecrits II, 798</subfield>
  </datafield>
  <datafield tag="620" ind1=" " ind2=" ">
    <subfield code="a">IT</subfield>
    <subfield code="d">Bologna</subfield>
  </datafield>
  <datafield tag="700" ind1=" " ind2="1">
    <subfield code="a">Spataro,</subfield>
    <subfield code="b">Giovanni</subfield>
    <subfield code="3">IT\ICCU\CNCA\011990</subfield>
  </datafield>
  <datafield tag="712" ind1="0" ind2="0">
    <subfield code="a">Faelli, Benedetto</subfield>
    <subfield code="c"> &lt;1.&gt;</subfield>
    <subfield code="3">IT\ICCU\CNCT\000129</subfield>
    <subfield code="4">650</subfield>
  </datafield>
  <datafield tag="791" ind1="0" ind2="2">
    <subfield code="a">Benedictus Hectoris</subfield>
    <subfield code="c"> &lt;1.&gt;</subfield>
    <subfield code="3">IT\ICCU\CNCT\002712</subfield>
    <subfield code="z">Faelli, Benedetto &lt;1.&gt;</subfield>
  </datafield>
  <datafield tag="791" ind1="0" ind2="0">
    <subfield code="a">Hectoris, Benedictus</subfield>
    <subfield code="3">IT\ICCU\CNCT\002721</subfield>
    <subfield code="z">Faelli, Benedetto &lt;1.&gt;</subfield>
  </datafield>
  <datafield tag="791" ind1="0" ind2="2">
    <subfield code="a">Benedictus Bononiensis</subfield>
    <subfield code="3">IT\ICCU\CNCT\003789</subfield>
    <subfield code="z">Faelli, Benedetto &lt;1.&gt;</subfield>
  </datafield>
  <datafield tag="791" ind1="0" ind2="2">
    <subfield code="a">Benedetto di Hettore</subfield>
    <subfield code="3">IT\ICCU\CNCT\005101</subfield>
    <subfield code="z">Faelli, Benedetto &lt;1.&gt;</subfield>
  </datafield>
  <datafield tag="791" ind1="0" ind2="0">
    <subfield code="a">Hectoreus, Benedictus</subfield>
    <subfield code="3">IT\ICCU\CNCT\005102</subfield>
    <subfield code="z">Faelli, Benedetto &lt;1.&gt;</subfield>
  </datafield>
  <datafield tag="801" ind1=" " ind2="3">
    <subfield code="a">IT</subfield>
    <subfield code="b">ICCU</subfield>
    <subfield code="c">20201114</subfield>
  </datafield>
</record>
</collection>
